2479 4244
265 296 352 361 88
979 319 1194 361 noum
1243 320 1536 365 msa-0121.

264 479 351 531 tot
405 467 584 531 millia
639 468 1002 551 captivorum
1063 486 1298 555 psopter
1352 494 1416 533 se
1472 494 1655 535 unum
1712 485 1774 535 et
1838 494 2080 556 paucos,
2138 476 2232 559 qui

264 590 341 631 ex
403 566 690 632 Romanis
753 570 910 653 capti
977 586 1187 648 essent,
1255 572 1644 635 redderentur.
1737 572 1885 637 Haec
1949 576 2233 639 sententia

263 669 526 733 obtinuit.
615 670 940 754 Regressus
991 674 1162 755 igitur
1209 674 1265 735 in
1325 673 1589 737 Africam
1637 674 2044 739 crudelissimis
2102 700 2236 763 sup·

263 770 447 854 pliciis
491 773 806 835 exstinctus
851 787 956 835 est.
1279 836 1283 840 .

615 878 712 937 13.
755 874 1053 951 Tandem,
1112 874 1190 937 C.
1235 874 1473 937 Lutatio
1523 874 1761 952 Catulo,
1808 877 1887 939 A.
1932 877 2235 943 Postumio

264 942 419 1071 Agl}
519 976 874 1052 consulibus,
905 998 1060 1040 anno
1102 976 1237 1038 belli
1284 976 1497 1040 Punici
1546 977 1823 1042 vicesimo
1864 979 2031 1043 tertio
2075 1003 2237 1065 mag-

520 1080 662 1139 num
715 1077 982 1161 proelium
1025 1077 1236 1140 navale
1280 1078 1651 1141 commissum
1696 1095 1785 1142 est
1825 1096 2029 1143 contra
2070 1081 2237 1167 Lily-

261 1176 474 1254 baeum,
501 1178 950 1261 promontorium
974 1178 1202 1242 Siciliae.
1293 1177 1362 1241 In
1392 1202 1464 1241 eo
1495 1180 1700 1263 proelio
1728 1182 2094 1264 septuaginta
2123 1196 2236 1246 ἴτω

260 1276 826 1361 Carthaginiensium
883 1301 1063 1343 naves
1133 1296 1343 1363 captae,
1399 1295 1638 1343 centum
1710 1282 1907 1365 viginti
1980 1284 2237 1367 quinque

262 1380 555 1458 demersa),
628 1380 856 1463 triginta
929 1380 1045 1444 duo
1115 1380 1295 1444 millia
1366 1382 1611 1445 hostium
1685 1400 1881 1467 capta,
1953 1384 2233 1447 tredecim

261 1479 442 1545 millia
495 1484 690 1545 occisa
745 1494 899 1545 sunt.
986 1482 1194 1545 Statim
1254 1481 1761 1566 Carthaginienses
1820 1506 2026 1568 pacem
2090 1487 2237 1569 peti-

263 1588 450 1660 erunt,
494 1582 691 1667 eisque
734 1606 853 1667 pax
899 1582 1106 1646 tributa
1151 1598 1256 1646 est.
1346 1583 1587 1668 CaptIvi
1632 1583 2090 1664 Romanorum:
2138 1588 2236 1673 qui

262 1684 606 1747 tenebantur
691 1706 726 1746 a
813 1683 1391 1767 Carthaginiensibus
1475 1685 1685 1748 redditi
1771 1701 1923 1750 sunt.
2058 1687 2236 1752 Poeni

261 1783 504 1859 Sicilia)
566 1785 849 1862 Sardinia,
909 1799 968 1850 et
1038 1787 1246 1849 ceteris
1304 1786 1519 1864 insuliS,
1592 1808 1720 1871 quae
1792 1786 1941 1851 inter
2005 1787 2235 1853 Italiam

263 1884 639 1969 Africamque
705 1886 924 1971 jacent,
985 1887 1377 1965 decesst’ffunt,
1435 1910 1789 1973 omnemque
1864 1888 2235 1975 Hispaniam,

263 2008 390 2070 quae
418 1986 562 2049 citra
592 1986 825 2069 Iberum
855 2002 962 2066 est,
990 1988 1279 2053 Romanis
1309 1989 1710 2074 permiserunt.

954 2421 1170 2470 LIBER
1211 2421 1539 2473 TERTIUS.

611 2577 665 2636 l.
712 2573 904 2635 Anno
959 2571 1424 2656 quingentesimo
1472 2573 1921 2637 undetricesimo
1970 2574 2236 2658 ingentes

517 2673 820 2738 Gallorum
861 2673 1044 2757 copiae
1106 2674 1295 2758 Alpes
1337 2675 1700 2739 transierunt.
1789 2676 1910 2738 Sed
1955 2699 2060 2759 pro
2104 2675 2237 2740 Ro-

518 2776 702 2838 manis
783 2790 901 2838 tota
993 2775 1156 2838 ltalia
1241 2776 1569 2839 consensit:
1659 2777 2049 2861 traditumque
2124 2793 2233 2856 oet,

259 2879 589 2961 octingenta
647 2878 822 2938 millia
871 2876 1202 2939 hominum‘*
1264 2876 1337 2938 ad
1386 2877 1443 2938 id
1488 2877 1706 2940 bellum
1757 2885 1959 2962 parata
2010 2877 2232 2942 fixisse?

261 2978 386 3041 Res
458 2978 728 3062 prospEre
803 2990 963 3059 gesta
1036 2990 1123 3039 est
1207 2977 1364 3060 apud
1454 2976 1761 3041 Clusium:
1854 2979 2235 3062 quadraginta

259 3080 434 3142 millia
506 3079 807 3140 hominum
882 3076 1179 3140 interfecta
1253 3093 1404 3140 sunt.
1496 3079 1742 3163 Aliquot
1814 3079 2007 3142 annis‘
2098 3082 2234 3164 post

261 3189 579 3264 pugnatum
612 3181 719 3241 est‘
768 3196 968 3241 contra
1012 3179 1216 3242 Gallos
1248 3181 1303 3240 in
1350 3202 1487 3262 agro
1532 3179 1859 3256 Insubrum,
1889 3180 2233 3265 finitumque

257 3298 344 3344 est
403 3282 618 3343 bellum
680 3281 770 3342 M.
818 3281 1070 3343 Claudio
1114 3281 1420 3357 Marce110‚
1465 3281 1583 3343 Cn.
1630 3281 1907 3344 Cornelio
1952 3281 2233 3365 Scipione

257 3381 610 3443 consulibuS.
721 3383 882 3444 Tum
942 3381 1259 3445 Marcellus
1318 3405 1511 3466 regem
1560 3383 1887 3459 Gallorum,
1936 3382 2231 3447 Viridom-

263 2643 326 2694 A.
353 2643 415 2694 U.

289 2723 400 2772 529.

415 3579 440 3602 ⁶
465 3579 490 3642 ξ
519 3579 628 3626 212.
1013 3579 1034 3602 ⁶
1065 3578 1088 3640 ξ
1117 3576 1227 3624 269.
1608 3576 1628 3601 ⁰
1658 3576 1683 3640 ς
1711 3575 1825 3639 209,
1847 3576 1911 3624 R.
1933 3576 1983 3638 3,
2007 3575 2101 3639 (2.)

415 3657 436 3692 ⁵
467 3659 490 3718 ξ
519 3657 630 3706 242.
1009 3656 1036 3689 a
1061 3656 1085 3717 ξ
1113 3656 1224 3703 236.
