2479 4244
294 253 381 318 53
1079 275 1482 321 mnonoor.

292 420 402 486 ob·
429 443 669 486 causam
714 421 1121 509 Hippomenes
1166 432 1424 489 mutatus
1467 441 1554 489 est
1595 425 1653 490 in
1699 427 1952 506 leonem,
1980 428 2266 493 Atalanta

296 543 351 586 m
380 523 643 588 leaenam.

380 627 487 687 22.
535 623 729 702 Nisus,
758 646 861 688 rex
906 625 1360 710 Megarensium,
1391 626 1446 690 in
1477 629 1676 711 capite
1717 629 1936 692 crinem
1984 651 2266 714 purpure-

296 747 394 788 um
438 725 705 790 habuisse
748 726 978 804 dicitur,
1022 730 1195 810 eique
1241 727 1602 810 praedictum⁶
1649 729 1774 806 suit,
1817 745 1938 794 tam
1982 732 2081 794 diu
2129 755 2264 794 eum

294 827 707 908 regnatfimm:
756 829 933 912 quam
984 827 1081 890 diu
1134 850 1271 890 eum
1327 829 1545 892 crinem
1595 830 1990 894 custodisset.‘¹
2085 831 2262 896 Hunc

293 925 511 1005 Minos,
554 949 659 992 rex
706 926 1100 1005 Cretensium,
1143 928 1325 991 bello‘
1371 951 1672 1012 aggressus
1713 945 1821 994 oet.
1910 930 2037 1007 Qui
2083 954 2263 1016 quum

292 1027 495 1090 urbem
537 1027 846 1112 Megaram
887 1035 1278 1112 oppugnaret,
1307 1029 1530 1114 Scylla,-
1564 1029 1688 1094 Nisi
1730 1031 1868 1108 filia,
1897 1040 2098 1096 amore
2141 1034 2264 1119 ejus

292 1141 558 1212 correpta
586 1144 693 1206 est,
721 1143 803 1207 et,
830 1142 895 1192 ut
932 1128 986 1192 ei
1030 1129 1330 1192 victoriam
1378 1131 1672 1213 patarea!
1715 1133 1862 1215 patri
1881 1132 1908 1164 ‘
1955 1133 2261 1196 dormienti

294 1229 530 1294 fatalem
578 1227 799 1301 ctrinem
846 1229 1123 1314 procidit.
1212 1228 1306 1292 Ita
1363 1228 1540 1294 Nisus
1599 1253 1636 1294 a
1691 1230 1900 1296 Μίιιὸὃ
1959 1232 2146 1297 victus
2207 1251 2260 1296 et
2306 1271 2314 1280 ·

292 1333 519 1394 occisus
575 1343 698 1401 oet„
799 1328 1009 1405 Quum
1065 1343 1266 1394 autem
1322 1329 1522 1394 Minos
1585 1332 1644 1395 in
1700 1331 1943 1396 Cretam
2001 1335 2260 1410 rediret:

294 1431 498 1515 Scylla
544 1453 681 1495 eum
730 1430 973 1514 rogavit,
1024 1444 1091 1493 ut
1139 1453 1272 1494 eam
1320 1453 1522 1495 secum
1573 1433 1900 1496 aveheret!
1985 1433 2105 1496 Sed
2169 1434 2266 1497 ille

294 1533 529 1616 negavit
577 1531 819 1597 Cretam
868 1545 1098 1596 tantum
1146 1531 1395 1596 scelus*
1451 1554 1578 1596 esse
1625 1539 2008 1617 recepturam.
2097 1534 2262 1598 Tum

292 1631 391 1695 illa
434 1655 501 1696 se
542 1632 603 1696 in
646 1655 808 1697 mare
850 1632 1194 1719 praecipitat‚
1238 1655 1570 1716 navemque
1614 1636 1993 1717 persequitur.
2085 1634 2266 1699 Nisus

293 1731 351 1796 in
382 1733 637 1816 aquilam
666 1737 947 1798 marinam
980 1755 1295 1797 conversus
1337 1747 1445 1810 oet,
1475 1733 1677 1817 Scylla
1707 1733 1764 1796 in
1811 1736 2054 1818 piscem,
2085 1758 2262 1819 quem

295 1831 479 1897 Cirim
510 1848 744 1898 vocant.
746 1835 765 1868 ⁸
856 1832 1189 1920 Hodieque,
1217 1833 1502 1918 siquando
1531 1834 1629 1897 illa
1671 1834 1794 1898 avis
1837 1836 1995 1899 hunc
2041 1836 2266 1920 piscem

292 1935 706 2018 conspexerit?
767 1933 943 1999 mittit
1012 1957 1078 2000 se
1135 1935 1193 2000 in
1271 1957 1504 2020 aquam,
1561 1949 1908 2022 raptumque
1967 1939 2262 2020 unguibus

294 2033 551 2098 dilaniat.

381 2139 485 2201 23.
533 2136 855 2221 Amphion,
910 2137 1077 2201 Jovis
1142 2152 1202 2202 et
1275 2137 1563 2223 Antiopes
1633 2137 1802 2215 filius,
1861 2139 1958 2223 qui
2015 2138 2262 2203 Thebas

294 2237 469 2300 muris
538 2237 744 2316 cinxit,
804 2236 1058 2317 Nioben,
1116 2237 1359 2302 Tantffli
1429 2238 1625 2316 filiam,
1697 2239 1756 2302 in
1829 2239 2260 2304 matrimonium

293 2337 481 2401 duxit.
570 2336 671 2402 Ex
715 2340 832 2423 qua
876 2338 1197 2423 procreavit
1239 2338 1383 2402 filios
1423 2354 1652 2423 septem
1695 2339 2056 2423 totidemque
2098 2339 2260 2403 filias.

293 2436 497 2513 Quem
554 2454 784 2523 partum
843 2439 1039 2505 Niobe
1094 2439 1340 2503 Latonae
1397 2438 1588 2503 liberis
1652 2440 2001 2523 anteposuit,
2058 2461 2264 2524 super-

293 2537 577 2624 biusque*
637 2541 835 2604 locuta
890 2553 977 2603 est
1036 2540 1095 2603 in
1155 2540 1498 2624 Apollinem
1556 2555 1616 2605 et
1679 2540 1956 2605 Dianam.
2043 2540 2145 2603 Ob
2200 2540 2260 2603 id

292 2641 513 2725 Apollo
547 2641 691 2704 filios
734 2641 859 2727 ejus
902 2656 1183 2704 venantes
1226 2640 1447 2724 sagittis
1489 2640 1795 2718 interfecit,
1827 2641 2024 2704 Diana
2065 2656 2259 2705 autem

290 2740 473 2805 filias)
562 2741 623 2804 N
626 2741 759 2806 iobe
788 2739 1017 2804 liberis·
1062 2743 1267 2805 orbata
1297 2742 1355 2804 in
1383 2763 1590 2804 saxum
1623 2748 1848 2806 mutata
1875 2764 2003 2805 esse
2031 2742 2262 2819 dicitur,

290 2840 533 2926 ejusque
594 2842 867 2925 lacrymas
912 2842 1203 2925 hodieque
1255 2848 1497 2905 manare
1551 2856 1871 2905 narrantur.
1957 2842 2259 2926 Amphion

291 2956 509 3018 autem,
570 2962 747 3023 quum
822 2943 1109 3025 templum
1166 2943 1462 3025 Apollinis
1533 2949 1874 3027 expugnare
1931 2943 2126 3020 vellet,
2185 2944 2265 3007 ab

291 3041 572 3125 Apolline
600 3041 819 3124 sagittis
848 3058 937 3104 est
966 3042 1319 3106 interfectus,

718 3257 888 3307 *The
910 3258 1064 3305 crime
1087 3258 1163 3305 for
1184 3258 1270 3305 the
1293 3257 1537 3306 criminal.
1607 3256 1633 3321 ξ
1661 3257 1773 3321 324,
1793 3258 1841 3306 2.

462 3352 673 3412 279,10.
986 3350 1018 3391 s
1042 3352 1067 3413 ξ
1094 3351 1207 3414 258,
1228 3351 1280 3414 2,
1299 3350 1399 3399 and
1424 3352 1516 3415 (2.)
1751 3352 1775 3392 1
1808 3351 1834 3414 ξ
1862 3350 1974 3400 260.

354 3350 729 3556 ‘imi-R}
982 3429 1205 3492 15224.
1753 3426 2123 3491 ²5956,R.9.

355 3504 713 3572 ’ξ270,.113
980 3506 1370 3569 ⁸§145,11.⁴.
1752 3504 2190 3569 ιξ229,11.31

352 3585 635 3650 δξ266,.1
981 3584 1185 3649 ’ξ230
1742 3582 1945 3647 '5251

354 3664 551 3720 ’8247
