2479 4244
187 237 276 299 92
903 257 1110 297 amun
1163 256 1457 299 tus-rom.

536 410 632 469 10.
691 407 866 470 Anno
917 406 1148 469 decimo
1201 422 1405 490 quarto
1459 419 1767 489 postquam
1818 406 1877 467 in
1936 404 2173 469 ltaliam

443 506 740 571 Hannibal
777 508 1032 585 veniit-at,
1063 507 1262 591 Scipio
1291 506 1492 571 consul
1526 512 1777 582 creatuS,
1808 520 1867 569 et
1910 506 1967 568 in
2005 507 2171 570 Afri-

436 631 568 672 cam
627 609 832 672 missus
893 625 1000 671 oet.
1093 608 1178 671 lbi
1244 626 1445 672 contra
1506 606 1883 684 Hannonem,
1944 609 2167 672 ducem

177 710 764 793 Carthaginiensium,
813 711 1082 793 prospere
1131 726 1375 794 pugnat,
1420 723 1721 792 totumque
1764 709 1887 794 ejus
1931 712 2165 773 exerci-

176 826 301 875 tum
345 812 518 875 delet.
610 811 886 875 Secundo
931 810 1134 895 proelio
1178 809 1452 873 undecim
1497 809 1677 872 millia
1720 810 2025 873 hominum
2054 834 2163 874 oc-

173 913 333 990 cidit,
385 927 446 975 et
495 925 684 977 castra
739 912 898 997 cepit
947 934 1085 975 cum
1133 926 1378 996 quatuor
1422 911 1675 975 millibus
1722 926 1781 974 et
1828 912 2163 995 quingentis

175 1014 468 1077 militibus.
556 1013 919 1099 Syphacem,
952 1012 1239 1077 Numidiae
1284 1035 1501 1097 regem,
1532 1012 1629 1096 qui
1673 1035 1738 1075 se
1778 1035 1915 1077 cum
1948 1013 2159 1078 Poenis

171 1116 575 1201 conjunxe‘rat‚
624 1115 802 1200 cepit,
855 1136 1108 1199 eumque
1163 1136 1303 1177 cum
1353 1112 1717 1178 nobilissimis
1769 1113 2042 1179 Numidis
2093 1132 2159 1179 et

171 1216 400 1281 infinitis
442 1217 637 1302 spoliis
682 1216 939 1279 Romam
984 1215 1155 1279 misit.
1245 1214 1391 1289 Qua
1433 1237 1496 1278 re
1537 1216 1755 1292 audita,
1798 1216 1987 1303 omnis
2032 1216 2155 1281 sere

431 1318 598 1383 ltalia
661 1316 1054 1381 Hannibalem
1112 1316 1341 1381 deserit.
1430 1315 1567 1401 Ipse
1617 1338 1654 1379 a
1702 1314 2155 1400 Carthaginien-

425 1421 586 1485 sibus
615 1419 674 1483 in
706 1418 970 1483 Africam
1007 1419 1194 1481 redire
1228 1418 1487 1504 jubetur.
1579 1417 1673 1481 Ita
1714 1439 1871 1481 anno
1914 1418 2153 1483 decimo

425 1524 676 1607 septimo
707 1520 874 1583 ltalia
904 1520 979 1583 ab
1012 1518 1347 1583 Hannibale
1374 1519 1613 1583 libexata
1642 1534 1749 1583 est.

259 1628 356 1686 11.
445 1623 591 1687 Post
635 1623 826 1707 plures
871 1642 1097 1706 pugnas
1140 1634 1200 1683 et
1245 1642 1454 1705 pacem
1499 1620 1660 1705 plus*
1712 1620 1893 1684 semel
1938 1620 2148 1685 frasu-a

167 1732 468 1801 tentatam,
500 1746 695 1808 pugna
735 1724 810 1786 ad
841 1722 1096 1787 Zamam
1123 1722 1521 1801 committitur,
1550 1721 1609 1785 in
1654 1724 1774 1808 qua
1816 1722 2143 1807 peritissimi

164 1826 345 1889 ducoe
402 1825 603 1909 copias
659 1844 794 1888 suas
851 1824 924 1887 ad
983 1825 1201 1887 bellum
1260 1824 1611 1887 educebant.
1699 1824 1900 1908 Scipio
1958 1825 2146 1889 victor

164 1926 419 2004 recedit3
467 1924 766 1988 Hannibal
811 1948 948 1988 cum
985 1926 1184 2009 paucis
1214 1925 1503 2009 equitibus
1533 1926 1747 1989 evadit.
1837 1925 1982 1990 Post
2025 1927 2141 1990 hoc

163 2027 432 2113 proelium
493 2047 611 2110 pax
668 2048 806 2089 cum
865 2025 1444 2111 Carthaginiensibus
1502 2026 1658 2091 facta
1716 2041 1825 2090 est.
1914 2026 2137 2112 Scipi0‚

161 2152 341 2214 quum
394 2129 651 2192 Romam
701 2127 977 2206 rediisset,
1021 2129 1237 2214 ingenti
1287 2129 1468 2212 gloria
1516 2129 1911 2214 triumphavit,
1959 2147 2137 2214 atque

160 2231 471 2297 Africanus
529 2231 855 2315 appellatus
913 2245 1019 2294 est.
1124 2230 1225 2294 Sic
1282 2231 1457 2294 finem
1516 2231 1747 2314 accepit
1811 2233 2135 2294 secundum

159 2332 456 2396 Punicum
527 2333 743 2396 bellum
819 2333 951 2418 post
964 2330 985 2366 ⁸
1075 2355 1294 2396 annum
1366 2332 1867 2396 undevicesimum
1954 2334 2133 2417 quam

184 479 248 527 A.
275 478 338 527 U.

199 558 310 606 55⁰.

171 1391 235 1439 A.
261 1390 326 1439 U.

197 1468 309 1517 55³.

61 2517 66 2524 .
155 2435 439 2522 coeperat.

835 2807 1049 2858 unna
1091 2807 1449 2867 QUARTUS.
1481 2764 1487 2769 ⁸

505 2962 558 3021 1.
621 2955 850 3023 Fmiro
915 2958 1148 3022 Punico
1212 2957 1388 3036 bello,
1444 2963 1707 3021 secutum
1774 2969 1863 3020 est
1920 2955 1993 3020 M
1996 2979 2131 3020 ace-

415 3059 718 3122 donicum⁰
748 3073 949 3122 contra
985 3059 1328 3144 Philippum
1371 3080 1587 3142 regem.
1676 3058 1995 3143 Superatus
2039 3075 2129 3123 est

415 3183 516 3224 rex
562 3182 597 3224 a
640 3160 723 3223 T.
755 3159 1040 3234 Quinctio
1084 3159 1375 3224 Flaminio
1417 3161 1575 3243 apud
1619 3158 2125 3243 Cynoscepbfflas,

154 3283 386 3347 paxque
433 3262 483 3324 ei
538 3263 674 3326 data
719 3278 805 3326 est
860 3263 946 3325 his
994 3262 1293 3346 legibust‘
1340 3284 1411 3324 m
1468 3260 1719 3324 Graecioe
1770 3260 2127 3338 civitatibus,

151 3386 297 3450 quas
351 3361 610 3426 Romc'ini
659 3376 862 3428 contra
914 3387 1039 3427 eum
1089 3363 1495 3445 defenderant,
1549 3361 1759 3425 bellum
1801 3362 2050 3445 inferret
2075 3363 2124 3438 ς’

155 3031 220 3079 Α.
245 3029 309 3079 U.

275 3526 304 3552 ⁸
327 3527 352 3590 5
379 3528 493 3590 πο,
518 3527 578 3575 a.
602 3528 648 3576 6.
936 3529 956 3554 ⁰
987 3529 1012 3592 5
1040 3528 1153 3589 209,
1175 3527 1239 3576 a.
1262 3527 1312 3589 2,
1336 3528 1427 3591 (1‚)
1456 3526 1543 3590 (b.)
1770 3526 1791 3552 ·
1821 3527 1846 3591 5
1874 3525 1984 3576 262.

276 3605 298 3640 δ
327 3606 352 3662 δ
380 3607 494 3670 253,
517 3605 579 3655 a.
607 3607 647 3654 1.
933 3607 960 3642 a
985 3607 1010 3670 5
1038 3606 1151 3666 249,
1174 3605 1242 3654 11.
