2479 4244
1052 285 1246 326 amun
1288 286 1373 326 vl.
2088 267 2208 330 103

311 435 411 494 11.
478 431 697 508 Quum
746 433 823 496 ad
871 433 1296 498 Alexandriam
1340 435 1590 498 venisset
1633 433 1853 512 Caesar,
1900 433 2212 498 Ptolemae-

222 554 289 596 us
318 534 371 596 ei
401 535 645 598 insidias
680 542 883 620 parare
926 536 1127 613 voluit,
1158 539 1278 620 qua
1321 537 1396 599 de
1439 539 1620 600 causa
1661 535 1778 620 regi
1823 537 2042 600 bellum
2087 537 2212 600 illa-

222 648 343 698 tum
375 651 487 700 ωε.
583 636 725 700 Rex
761 636 947 700 victus
990 638 1049 700 in
1095 637 1233 702 Nilo
1279 638 1463 722 periit,
1494 639 1911 722 inventumque
1955 654 2044 702 est
2083 661 2210 708 cor-

222 757 331 819 pus
377 738 511 823 ejus
561 761 701 802 cum
758 739 937 803 lorica
993 740 1189 802 aurea.
1231 816 1247 824 „
1268 739 1498 832 Caesar,
1555 741 1920 804 Alexandria
1977 744 2124 824 potit
2135 763 2211 817 18,

223 859 469 922 regnum
524 837 861 925 Cleopatrae
912 841 1089 905 dedit.
1148 823 1342 948 (Tum
1388 841 1522 904 inde
1566 841 1855 925 profectus
1899 839 2213 925 Pompeia·

224 947 429 1004 narum
496 944 751 1027 partium
806 943 1073 1027 reliquias
1086 945 1218 1006 ‘sest
1279 949 1633 1027 persecutus,
1690 944 1972 1027 bellisque
2027 942 2214 1007 civili-

224 1041 331 1104 bus
388 1057 523 1108 toto
574 1052 851 1108 terrarum
908 1045 1047 1108 orbe
1096 1045 1456 1128 compositis,
1509 1044 1766 1108 Romam
1818 1045 2001 1109 rediit.
2091 1044 2211 1109 Ubi

222 1165 407 1227 quum
452 1145 795 1210 insolentius
840 1146 1011 1229 agere
1055 1146 1350 1230 coepisset,
1392 1147 1786 1232 conjuratum‘*
1837 1161 1924 1212 est
1975 1147 2032 1210 in
2077 1169 2214 1210 eum

222 1266 259 1308 a
307 1248 623 1330 sexaginta
672 1247 765 1310 vel
812 1247 1059 1331 amplius
1110 1249 1489 1325 senatoribus,
1537 1248 1942 1333 equitibusque
1988 1247 2214 1312 Romi-

222 1345 329 1409 nis,
424 1348 723 1433 Praecipui
794 1348 1027 1412 fuerunt
1098 1349 1246 1412 inter
1313 1350 1642 1435 conjuratos
1715 1349 1884 1412 Bruti
1955 1350 2072 1412 duo
2137 1369 2214 1411 ex

224 1449 445 1529 gene‘re
506 1450 661 1513 illius
710 1449 920 1527 Bruti„
952 1451 1074 1534 qui,
1124 1450 1358 1533 regibus
1407 1451 1681 1534 expulsiS,
1735 1450 1952 1533 primus
2003 1448 2214 1514 Romae

223 1553 435 1614 consul
485 1551 693 1628 fuerat,
735 1551 814 1615 C.
847 1550 1087 1614 Cassius
1132 1567 1190 1614 et
1234 1551 1509 1614 Servilius
1539 1550 1756 1614 Casca.
1845 1549 1960 1614 Er-

226 1673 301 1733 go
345 1652 577 1730 Caesar,
622 1675 802 1737 quum
844 1651 905 1716 in
954 1653 1173 1716 curiam
1219 1652 1488 1731 venisset,
1533 1652 1732 1736 viginti
1775 1653 1954 1716 tribus

229 1755 575 1819 vulneribus
603 1755 901 1818 confossus
930 1769 1037 1817 est.

322 1861 424 1920 12.
484 1856 797 1920 Interfecto
840 1855 1096 1934 Caesiire,
1140 1879 1298 1920 anno
1347 1857 1500 1920 urbis
1549 1856 2064 1940 septingentesimo
2112 1881 2218 1922 no-

230 1979 309 2020 no
358 1959 525 2022 bella
573 1959 765 2022 civilia
819 1965 1083 2042 repasfita
1138 1973 1292 2052 sunt.
1381 1958 1632 2022 Senatus
1684 1959 1920 2024 favebat
1968 1959 2219 2023 Caesffiis

236 2059 723 2142 percussoribus?
768 2060 1059 2122 Antonius
1103 2060 1307 2122 consul
1332 2082 1374 2122 a
1416 2059 1663 2125 Caeszris
1707 2062 1968 2147 partibus
2009 2063 2218 2125 stabat.

240 2160 401 2245 Ergo
456 2162 689 2225 turbata
732 2162 1055 2247 republica,
1101 2162 1414 2239 Antonius,
1455 2163 1650 2225 multis
1694 2164 2008 2227 sceleribus
2058 2186 2220 2227 com·
2274 2242 2288 2251 -

237 2263 445 2342 missiS,
477 2286 515 2327 a
542 2270 745 2327 senatu
776 2264 953 2327 hostis
975 2263 1270 2349 judicatus
1301 2278 1406 2327 est.
1495 2264 1688 2327 Fusus
1718 2264 2062 2349 fugatusque
2092 2265 2222 2328 An·

236 2367 451 2443 tonius,
484 2366 695 2429 amisso
738 2366 1019 2443 exercitu,
1049 2366 1313 2449 confugit
1355 2366 1430 2429 ad
1474 2354 1792 2449 Lepidum,
1823 2366 1922 2451 qui
1964 2365 2218 2429 Caesa‘ri‘

240 2469 517 2552 magister
542 2468 805 2551 equitum
836 2467 1041 2545 fuerat,
1072 2482 1131 2530 et
1160 2481 1284 2529 tum
1322 2468 1568 2549 grandes
1596 2467 1796 2551 copias
1823 2468 2074 2531 militum
2118 2469 2224 2531 ha-

239 2568 457 2647 bebat3
517 2592 555 2633 a
606 2591 721 2653 quo
770 2583 1073 2653 susceptus
1114 2583 1220 2631 est.
1309 2568 1462 2632 Mox
1505 2568 1870 2632 Octavianus
1913 2591 2051 2632 cum
2097 2569 2226 2630 An-

242 2672 402 2736 tonio
437 2694 647 2755 pacem
693 2670 851 2749 fecit,
894 2686 955 2734 et
998 2671 1161 2755 quasi
1206 2670 1626 2733 vindicati‘irus'i
1671 2669 1844 2753 patris
1859 2670 1898 2709 ²¹¹²
1939 2669 2028 2731 sui
2071 2690 2224 2731 mor-

242 2786 383 2851 tem,
436 2796 473 2836 a
534 2795 649 2857 quo
706 2794 811 2857 per
858 2786 1270 2846 testamentum
1331 2770 1516 2833 fuerat
1571 2771 1902 2854 adoptatuS‚
1964 2768 2226 2833 Romam

244 2896 383 2939 cum
427 2875 691 2937 exercitu
737 2874 1029 2958 profectus
1074 2874 1331 2950 extorsit,
1375 2887 1440 2936 ut
1482 2872 1590 2937 sibi
1625 2871 1830 2959 juveni
1879 2872 2082 2957 viginti
2125 2894 2198 2935 an

244 2975 479 3042 norum‘
539 2976 872 3039 consulatus
930 2976 1179 3038 daretur.
1269 2975 1432 3038 Tum
1481 2974 1720 3059 junctus
1769 2997 1908 3039 cum
1966 2975 2228 3037 Antomo

244 3094 305 3143 et
358 3078 598 3161 Lepido
649 3077 1073 3161 rempublicam
1125 3078 1295 3140 armis
1345 3082 1544 3139 tenere
1591 3076 1793 3161 coepit,
1844 3091 2228 3161 senatumque

245 3179 600 3265 proscripsit.
687 3179 808 3241 Per
833 3178 940 3240 hos
970 3178 1143 3241 etiam
1182 3177 1400 3241 Cicero
1443 3186 1632 3242 orator
1673 3182 1898 3242 occisus
1943 3193 2050 3255 est,
2079 3200 2230 3241 mu--

244 3286 409 3366 tique
440 3280 538 3343 alii
565 3281 809 3343 nobiles,

2057 1623 2124 1672 A.
2147 1623 2214 1674 U.

2083 1703 2193 1752 709.

958 3453 985 3477 ⁴*
1018 3452 1051 3501 i.
1073 3468 1120 3501 e.
1151 3453 1281 3501 Juzii
1309 3454 1534 3501 Coesa'ris.

376 3548 665 3616 ⁸5184,2.
1019 3546 1460 3610 ·§211‚R.5,1.
1749 3546 2121 3609 Ὶπιιηισ.

379 3626 748 3695 osmana
1018 3624 1395 3687 ‘semaa
