2479 4244
824 274 1095 316 numus
1140 274 1217 317 or
1265 275 1634 329 umqum.
2097 259 2216 320 119

222 443 413 508 aquas
446 421 622 486 trahit
650 435 710 484 et
742 423 977 506 potatu‘
1014 423 1326 508 jucundas.
1417 423 1698 489 Placidus
1727 425 1880 488 idem
1922 425 2214 490 laetiss'itna

224 525 451 608 pabt'ila
498 524 621 587 alit.
709 523 935 608 Magno
963 525 1152 608 spatio
1186 526 1530 609 navigabilis
1562 527 1734 612 juxta
1764 529 1966 590 urbem
1993 527 2214 612 Borys-

224 624 503 690 thenida⁶
535 625 594 687 in
624 623 883 688 Pontum
914 625 1248 690 effimditur.

310 730 422 790 43.
476 724 645 789 Ultra
684 725 966 810 Rhipaeos
1008 742 1237 790 montes
1281 741 1341 790 et
1370 727 1726 812 Aquilonem
1767 750 1912 811 gens
1953 729 2212 792 habitare

222 827 596 890 existimatur
652 826 999 905 felicissima,
1059 827 1476 912 Hyperboreos
1495 831 1534 870 *
1589 829 1910 912 appellant.
2017 829 2212 912 Regio

222 933 451 1012 aprica,
484 928 619 992 felix
650 928 788 992 coeli
824 929 1134 1012 temperies
1175 934 1454 1015 omnique
1497 931 1719 994 afflatu⁶
1765 930 1942 993 noxio
1982 952 2208 995 carens.

221 1029 433 1092 Semel
478 1030 538 1092 in
568 1052 725 1094 anno
751 1031 835 1093 sol
866 1029 932 1093 iis
974 1031 1153 1094 oritur
1179 1031 1469 1107 solstitio,⁶
1501 1031 1710 1094 bruma
1749 1032 1930 1094 semel
1973 1032 2206 1096 oceidit.

222 1129 449 1196 lnosslae
502 1131 561 1192 in
612 1133 943 1194 nemoribus
984 1146 1045 1195 et
1088 1131 1231 1195 lucis
1277 1133 1580 1210 habitant3
1630 1132 1754 1196 sine
1795 1132 1952 1195 omni
1997 1132 2209 1196 discor-

221 1232 323 1294 dis
362 1245 425 1294 et
471 1232 807 1313 aegritudine
847 1231 1069 1294 vivunt.
1158 1232 1367 1306 Quum
1415 1233 1568 1297 vitae‘
1615 1235 1759 1296 eoss
1801 1233 1992 1309 taedet,
2022 1234 2208 1317 epfilis

218 1332 477 1416 sumptis
506 1354 583 1394 ex
611 1354 755 1415 rupe
784 1355 849 1394 se
876 1332 933 1394 in
972 1354 1131 1395 mare
1174 1333 1556 1417 praecipitant.
1647 1333 1782 1398 Hoc
1827 1333 1981 1396 enim
2011 1333 2206 1416 sepul-

220 1440 369 1496 tfirae
400 1455 585 1516 genus
614 1433 1007 1496 beatissimum
1035 1455 1163 1496 aese
1190 1435 1545 1496 existimant.

308 1538 423 1598 44.
479 1535 625 1598 Asia
673 1536 879 1598 ceteris
928 1549 1089 1598 terrae
1134 1536 1394 1618 partibus
1437 1549 1524 1598 est
1573 1533 1834 1617 amplior.
1923 1531 2204 1596 Oceanus

221 1658 361 1698 eam
406 1635 587 1712 alluit,
622 1650 685 1697 ut
725 1636 865 1698 locus
908 1635 989 1698 ita
1030 1635 1361 1699 nominibus
1405 1635 1520 1697 diff
1518 1637 1718 1711 erens3
1766 1634 1930 1699 Eous
1973 1635 2048 1696 ab
2090 1633 2202 1696 ori-

221 1751 385 1813 ente,
430 1758 466 1798 a
515 1735 752 1798 meridie
795 1735 1053 1813 indiam,
1096 1757 1133 1799 a
1173 1735 1566 1819 septentrione
1617 1735 1952 1820 Scythicus·
2039 1736 2198 1798 Asiae

220 1838 466 1900 nomine
524 1837 851 1920 appellatur
906 1837 1083 1900 etiam
1143 1836 1466 1920 peninsula,
1518 1858 1646 1922 quae
1704 1859 1741 1900 a
1796 1838 1964 1920 mari,
1991 1837 2200 1920 AEgaeo

221 1959 413 2022 usque
442 1939 518 2000 ad
551 1937 889 2000 Armeniam
934 1952 1113 2021 patet.
1203 1938 1273 2001 ln
1304 1939 1417 2002 hac
1463 1954 1626 2022 parte
1668 1953 1756 2002 oet
1798 1937 2078 2022 Bithynia
2121 1937 2198 2000 ad

223 2038 649 2122 Propontidem
680 2039 806 2115 sita,
836 2039 933 2100 ubi
965 2038 1254 2102 Granicus
1285 2039 1341 2100 in
1370 2061 1531 2104 mare
1559 2041 1892 2115 effimditur,
1915 2040 1990 2102 ad
2020 2060 2195 2122 quem

222 2163 461 2203 amnem
512 2141 867 2217 Alexander,
910 2162 1013 2203 rex
1058 2140 1445 2217 Macedoniae,
1491 2142 1732 2224 primam
1779 2142 2074 2204 victoriam
2119 2139 2193 2202 de

223 2241 418 2305 Persis
445 2242 776 2325 reportavit.
862 2241 1057 2304 Trans
1086 2242 1247 2304 illum
1285 2264 1517 2305 amnem
1559 2243 1668 2305 sita
1710 2256 1798 2304 est
1825 2240 2089 2324 Cyzicus
2132 2240 2192 2303 in

220 2347 453 2405 cervice
504 2342 837 2427 peninsiilae‚
886 2344 1023 2405 urbs
1078 2343 1450 2419 nobilissima,
1503 2364 1540 2403 a
1590 2342 1822 2425 Cyzico
1879 2341 2191 2425 appellata,

224 2444 320 2528 qui
374 2443 433 2506 in
480 2444 586 2507 illis
636 2444 965 2526 regionibus
1016 2445 1089 2506 ab
1140 2443 1492 2525 Argonautis
1550 2443 1750 2525 pugna
1801 2446 2028 2505 occisus
2083 2454 2192 2504 est.
2239 2472 2242 2476 ·

224 2543 405 2607 Haud
448 2544 647 2629 procul
691 2546 765 2609 ab
818 2545 917 2607 illa
957 2545 1100 2608 urbe
1144 2544 1513 2627 Rhyndacus
1557 2543 1613 2605 in
1657 2564 1815 2605 mare
1857 2542 2190 2618 effunditur,

218 2645 373 2709 circa
404 2668 578 2729 quern
610 2651 848 2729 angues'
870 2658 1203 2721 naseuntur,
1234 2667 1350 2707 non
1396 2644 1582 2707 solum
1611 2644 1689 2707 ob
1731 2641 2188 2724 magnitudinem

221 2746 530 2823 mirabiles,
560 2748 662 2809 sed
706 2746 879 2809 etiam
909 2748 987 2809 ob
1029 2746 1109 2823 id,
1134 2735 1317 2829 quod,
1349 2767 1530 2829 quum
1571 2766 1648 2807 ex
1691 2743 1845 2826 aqua
1887 2751 2186 2823 emergunt

220 2862 279 2914 et
305 2847 488 2925 hiant,
516 2848 950 2932 supervolantes
980 2870 1118 2910 εγω
1153 2847 1480 2910 absorbent.

303 2953 409 3012 45.
455 2948 764 3033 Propontis
792 2971 928 3013 eum
961 2947 1156 3011 Ponto
1189 2948 1454 3033 jungitur
1483 2969 1586 3030 per
1613 2942 1998 3030 Bosporumf
2029 2944 2185 3029 quod

220 3049 424 3112 fretum
475 3051 729 3134 quinque
776 3050 961 3113 stadia
1012 3050 1194 3112 latum
1247 3048 1549 3133 Europam
1601 3048 1675 3109 ab
1738 3048 1882 3110 Asia
1935 3046 2184 3129 separat.

217 3150 367 3235 Ipsis
416 3151 474 3213 in
534 3151 798 3215 saucibus
854 3150 1104 3234 Bospori
1161 3150 1445 3233 oppidum
1505 3163 1592 3213 est
1643 3147 2048 3229 Chalcedond·
2107 3148 2182 3211 ab

576 3343 604 3367 '⁹
638 3342 832 3407 Supply
856 3358 1017 3407 quam.
1337 3343 1356 3390 1
1394 3340 1588 3405 Supply
1611 3341 1820 3389 condita.

336 3436 681 3500 ⁸5276‚111.
1019 3435 1235 3499 ⁴553.
1673 3433 2053 3496 15229,R.6.

336 3514 589 3578 ιξ80,Ι.
1016 3514 1035 3539 ⁰
1070 3514 1234 3577 §215,
1267 3514 1358 3577 (1.)
1679 3512 2034 3575 ‘524⁷,RA

336 3593 357 3618 ⁶
386 3593 413 3655 ὁ
441 3592 554 3655 230,
579 3593 673 3655 (2.)
