2479 4244
275 281 401 344 110
742 298 820 342 or
863 298 999 342 rm:
1043 299 1424 342 otoownr
1468 299 1600 342 mn
1643 299 1778 341 rm:

271 471 397 534 quae
437 462 522 512 tot
563 463 802 532 tamque
833 448 1102 532 pulchras
1143 449 1313 511 urbes
1356 447 1617 525 habeat,‘
1665 448 1811 510 inter
1854 469 1997 532 quas
2044 447 2247 512 Roma

269 565 328 612 et
357 552 752 632 magnitudIne
781 567 838 613 et
871 551 1118 613 nominis
1150 551 1304 612 fama
1331 555 1568 612 eminet.

362 655 460 714 17.
527 650 670 715 Haec
727 653 882 728 urbs,
937 650 1090 714 orbis
1150 657 1425 714 ten-anun
1480 663 1679 734 caput,
1728 663 1955 733 septem
2011 664 2245 713 montes

267 752 692 834 complectitur.
810 750 980 815 [nitio
1051 764 1297 836 quatuor
1368 765 1561 836 portas
1616 751 1913 827 habebam
1986 750 2244 832 Augusti

267 873 394 914 :evo
419 853 648 934 triginta
675 867 921 936 septem.
1009 851 1186 914 Urbis
1229 850 1715 934 magnificentiam
1758 851 2051 933 augebant
2096 849 2243 927 sora,

269 967 383 1016 tem
393 955 505 1037 pla,
559 957 830 1038 porticus,
881 954 1277 1038 aquaeducmS,
1324 954 1566 1029 thaan-a,
1616 973 1785 1015 arcus
1842 953 2243 1036 triumphales,

268 1055 412 1116 horti
457 1055 728 1138 demque,
765 1069 824 1118 et
869 1056 924 1118 id
969 1054 1176 1138 genus*
1221 1054 1355 1130 alia,
1384 1055 1457 1116 ad
1504 1075 1631 1137 quae
1678 1053 1769 1115 vel
1814 1054 1967 1116 lecta
2010 1057 2244 1117 animus

266 1169 480 1237 stupet.
567 1154 774 1228 Quare
802 1157 958 1218 recte
989 1156 1065 1218 de
1097 1156 1174 1219 ea
1213 1155 1522 1238 praedicare
1568 1154 1849 1231 videntur,
1880 1154 1977 1237 qui
2024 1155 2245 1218 nullius

266 1256 420 1318 urbis
463 1255 520 1317 in
565 1270 688 1319 toto
731 1257 872 1319 orbe
919 1263 1196 1319 terrarum
1246 1254 1732 1337 magnificentiam
1776 1255 1829 1316 ei
1844 1255 1865 1278 ‘
1916 1256 2244 1339 comparari

269 1379 438 1440 posse
467 1357 754 1421 dixemnt.

359 1460 456 1521 18.
512 1457 871 1522 Felicissime.
927 1456 986 1518 in
1045 1455 1216 1520 Italia
1270 1455 1428 1538 regio
1478 1470 1565 1518 est
1620 1454 1973 1539 Campania.
2060 1454 2243 1518 Multi

268 1558 344 1620 ibi
390 1558 522 1621 vitis
521 1559 601 1622 ἔπ’
642 1558 842 1635 colles,
875 1557 975 1620 ubi
1017 1556 1371 1620 nobilissima
1415 1557 1549 1620 vina
1592 1556 1921 1640 gignuntur,
1951 1555 2242 1633 Setinum,

267 1657 615 1736 Caeciibum,
666 1659 1002 1737 Falernum,
1053 1657 1398 1721 Massicum.
1486 1655 1685 1721 Calidi
1736 1657 1950 1720 ibidem
2008 1657 2195 1720 sontes
2210 1656 2241 1690 ‘¹

267 1759 641 1822 saluberrimi.
731 1757 1042 1845 Nusquam
1083 1757 1443 1842 generosior
1450 1757 1599 1820 olea.
1688 1756 2045 1841 Conchylio⁶
2094 1780 2244 1843 quo-

269 1880 385 1942 que
413 1873 472 1921 et
503 1860 662 1942 pisce
689 1859 870 1923 nobili
899 1859 1078 1923 maria
1108 1859 1299 1922 vicina
1326 1872 1573 1922 scatent.

362 1962 458 2022 19.
522 1958 838 2022 Clarissimi
911 1981 1112 2023 amnes
1184 1959 1363 2023 Italiae
1418 1973 1554 2023 sunt
1610 1959 1811 2022 Padus
1868 1972 1927 2021 et
1983 1957 2239 2022 Tiberis.

270 2059 354 2124 Et
382 2060 580 2122 Padus
611 2059 902 2143 quidem
887 2081 945 2122 m
988 2060 1281 2145 superiore
1326 2075 1508 2145 parte,
1538 2083 1665 2145 quae
1699 2058 1897 2122 Gallia
1931 2057 2243 2144 Cisalpina

271 2169 528 2239 vocatur,
559 2162 634 2223 ab
661 2161 787 2223 imis
827 2161 1115 2225 radicibus
1147 2160 1351 2225 Venuli
1396 2163 1605 2226 montis
1650 2164 1943 2238 exoritur-3
1990 2161 2240 2245 primum

269 2264 452 2341 exiliS‚
483 2264 692 2327 deinde
719 2263 842 2326 aliis
871 2262 1140 2327 amnibus
1167 2263 1249 2327 ita
1276 2264 1466 2341 alitur,
1494 2278 1559 2327 ut
1586 2286 1650 2327 se
1694 2242 1799 2347 pei·
1824 2276 2050 2346 septem
2092 2263 2241 2325 ostia

270 2370 326 2427 in
385 2386 543 2427 mare
599 2365 880 2427 effundat.
965 2362 1219 2441 Tiberis,
1273 2364 1368 2449 qui
1428 2363 1829 2447 antiquissimis
1883 2362 2240 2445 temporibus

269 2466 502 2529 Albiilae
531 2488 743 2529 nomen
787 2466 1061 2540 habebat,
1091 2485 1168 2526 ex
1212 2467 1531 2549 Apennino
1572 2467 1790 2541 oritur3
1836 2464 2047 2526 deinde
2091 2466 2241 2528 duo-

268 2567 377 2630 bus
405 2581 464 2629 et
509 2566 883 2651 quadraginta
925 2563 1258 2628 fluminibus
1301 2580 1504 2629 auctus
1540 2566 1601 2627 fit
1642 2564 2005 2648 navigabilis».
2092 2566 2241 2628 Plu-

267 2671 441 2732 rimas
470 2668 528 2731 in
557 2670 800 2751 utraque
837 2666 962 2750 ripa
1007 2665 1169 2729 villas
1213 2666 1481 2749 adspicit,
1512 2666 1799 2749 praecipue
1844 2680 2039 2728 autem
2080 2666 2238 2729 urbis

269 2768 556 2833 Romfinae
585 2768 1089 2853 magnificentiam.
1179 2766 1613 2829 Placidissimus
1643 2766 1896 2829 amnium
1929 2768 2055 2829 raro
2083 2767 2236 2850 ripas

269 2872 576 2951 egreditur.

355 2972 459 3030 20.
503 2968 573 3030 In
605 2968 864 3031 inferiore
908 2984 1069 3051 parte
1099 2968 1277 3031 Italiae
1306 2968 1463 3031 clara
1508 2968 1797 3050 quondam
1844 2967 1977 3029 urbs
2007 2966 2237 3031 Taren-

269 3082 412 3145 tum,
476 3090 602 3151 quae
660 3069 829 3131 maris
886 3068 1051 3146 sinui,
1107 3068 1201 3133 cui
1261 3067 1508 3152 adjacet,
1559 3090 1769 3129 nomen
1831 3067 2009 3130 dedit.
2113 3068 2234 3131 Soli

269 3168 525 3232 fertilitas
555 3168 807 3251 coelique
837 3168 1099 3254 jucunda
1129 3169 1433 3252 temperies
1463 3168 1519 3229 in
1564 3169 1743 3231 causa
1772 3167 1943 3230 fuisse
1988 3168 2265 3258 videtur,—

268 3284 334 3332 ut
395 3270 598 3334 incolae
665 3269 889 3331 luxuria
951 3286 1010 3333 et
1075 3270 1291 3334 deliciis
1350 3283 1775 3331 enervarentur.
1871 3267 2234 3354 Quumque‘

397 3464 424 3491 ⁸
454 3464 478 3526 ξ
506 3464 684 3525 264,·7.
1043 3464 1064 3488 θ
1093 3464 1116 3525 ξ
1145 3464 1255 3517 224.
1677 3464 1697 3487 ⁶
1728 3463 1752 3525 ξ
1780 3463 1893 3523 250,
1918 3462 2009 3527 (2.)

397 3541 774 3606 ⁸§231‚R.5.
1039 3540 1407 3605 qaorum.
1671 3539 2084 3603 t§263,5‚R.1
